<record><leader>01192cam a2200325 | 4500</leader><controlfield tag="001">1321809</controlfield><controlfield tag="008">900921s1985    cou               0 eng  </controlfield><datafield ind1=" " ind2=" " tag="035"><subfield code="a">ocm12085764</subfield></datafield><datafield ind1=" " ind2=" " tag="040"><subfield code="b">eng</subfield></datafield><datafield ind1=" " ind2=" " tag="043"><subfield code="a">n-us---</subfield></datafield><datafield ind1=" " ind2=" " tag="049"><subfield code="a">AEU</subfield><subfield code="b">eng</subfield></datafield><datafield ind1="0" ind2=" " tag="050"><subfield code="a">KF 1819 A2</subfield><subfield code="b">I584 1985</subfield></datafield><datafield ind1="0" ind2=" " tag="090"><subfield code="a">KF 1819 A2 I585 1985</subfield></datafield><datafield ind1="0" ind2="0" tag="245"><subfield code="a">Institute on mine to market :</subfield><subfield code="b">the legal issues /</subfield><subfield code="c">sponsored by the Rocky Mountain Mineral Law Foundation.</subfield></datafield><datafield ind1=" " ind2=" " tag="260"><subfield code="a">Boulder, Colo. :</subfield><subfield code="b">The Foundation,</subfield><subfield code="c">c1985.</subfield></datafield><datafield ind1=" " ind2=" " tag="300"><subfield code="a">1 v. (various pagings) ;</subfield><subfield code="c">29 cm.</subfield></datafield><datafield ind1=" " ind2=" " tag="336"><subfield code="a">text</subfield><subfield code="b">txt</subfield><subfield code="2">rdacontent</subfield></datafield><datafield ind1=" " ind2=" " tag="337"><subfield code="a">unmediated</subfield><subfield code="b">n</subfield><subfield code="2">rdamedia</subfield></datafield><datafield ind1=" " ind2=" " tag="338"><subfield code="a">volume</subfield><subfield code="b">nc</subfield><subfield code="2">rdacarrier</subfield></datafield><datafield ind1=" " ind2=" " tag="500"><subfield code="a">Speakers include William M. Bryden, Donald E. Wakefield.</subfield></datafield><datafield ind1=" " ind2=" " tag="500"><subfield code="a">"March 21 &amp; 22, 1985, Tucson Arizona."</subfield></datafield><datafield ind1=" " ind2=" " tag="596"><subfield code="a">38</subfield></datafield><datafield ind1=" " ind2="0" tag="650"><subfield code="a">Mining law</subfield><subfield code="z">United States.</subfield></datafield><datafield ind1=" " ind2="0" tag="650"><subfield code="a">Mineral industries</subfield><subfield code="z">United States.</subfield></datafield><datafield ind1="1" ind2=" " tag="700"><subfield code="a">Bryden, William M.</subfield></datafield><datafield ind1="1" ind2=" " tag="700"><subfield code="a">Wakefield, Donald E.</subfield></datafield><datafield ind1="2" ind2=" " tag="710"><subfield code="a">Rocky Mountain Mineral Law Foundation.</subfield></datafield><datafield ind1="0" ind2=" " tag="740"><subfield code="a">Mine to market.</subfield></datafield><datafield ind1="4" ind2=" " tag="740"><subfield code="a">The legal issues.</subfield></datafield><datafield ind1=" " ind2=" " tag="926"><subfield code="a">KF 1819 A2 I585 1985</subfield><subfield code="w">LC</subfield><subfield code="c">1</subfield><subfield code="i">000034066209</subfield><subfield code="d">2/25/1994</subfield><subfield code="l">ON_SHELF</subfield><subfield code="m">UABARD</subfield><subfield code="n">1</subfield><subfield code="p">$150.00</subfield><subfield code="r">Y</subfield><subfield code="s">Y</subfield><subfield code="t">BOOK</subfield><subfield code="u">9/26/1990</subfield><subfield code="o">.STAFF. C0006486</subfield></datafield></record>